@book{Folland,
  title =     {Real Analysis: Modern Techniques and Their Applications, 2nd edition},
  author =    {Gerald B. Folland},
  publisher = {},
  isbn =      {0471317160,9780471317166},
  year =      {1999},
  series =    {},
  edition =   {2},
  volume =    {},
}

@book{Brezis,
  Author = {Ha\"{\i}m {Br\'ezis}},
  Title = {{Analyse fonctionnelle. Th\'eorie et applications}},
  Year = {1983},
  Language = {French},
  HowPublished = {{Collection Math\'ematiques Appliqu\'ees pour la Ma\^{\i}trise. Paris etc.: Masson. XIV, 233 p. FF 125.00 (1983).}},
  MSC2010 = {46-01 47-01 47F05 46E35 46B03 46B10 46C05 47B06 47E05 47D03 47A53},
  Zbl = {0511.46001}
}


@Book{JKB,
  Author = {Norman L. {Johnson} and Samuel {Kotz} and N. {Balakrishnan}},
  Title = {{Continuous univariate distributions. Vol. 2. 2nd ed}},
  Edition = {2nd ed.},
  ISBN = {0-471-58494-0},
  Pages = {xix + 719},
  Year = {1995},
  Publisher = {New York, NY: Wiley},
  Language = {English},
  MSC2010 = {62-00 62E15 60-00 62E10},
  Zbl = {0821.62001}
}


